@article{jmplaza,
author= "Cañas Plaza, Jose María",
title= "Manual de programación de robots con JDE",
journal= {Universidad Rey Juan Carlos},
year= {2004},
month= {abril},
pages= {1--36},
}

@article{tesis,
author= "Cañas Plaza, Jose María",
title= "Jerarquía Dinámica de Esquemas para la generación de comportamiento autónomo",
journal= {Tesis Doctoral - Universidad Politécnica},
year= {2003},
month={Diciembre},
}

@article{canas05,
author= "Cañas Plaza, Jose María",
title= "Overt visual attention inside JDE control architecture",
journal= {EPIA},
year= {2005},
}

@Article{ptp,
  author =       {S. Birchfield, C. Tomasi},
  title =        {Depth Discontinuities by Pixel-to-Pixel Stereo},
  journal =      {International Journal of computer Vison},
  year =         {1999},
  OPTkey =       {},
  OPTvolume =    {3},
  OPTnumber =    {35},
  OPTpages =     {269-293},
  OPTmonth =     {},
  OPTnote =      {},
  OPTannote =    {}
}

@inproceedings{lenser03,
author={Lenser, Scott and Veloso, Manuel},
title= {Visual sonar: fast obstacle avoidance using monocular vision},
booktitle= {Proceedings of the 2003 IEEE/RSJ International Conference on
Intelligent Robots and Systems (IROS 2003)},
pages={886--891},
year= {2003},
month=oct,
address={Las Vegas (Nevada, USA)}
}

@article{minerva,
author= "Sebastian Thrun, Frank Dellaert",
title= "MINERVA: A Second-Generation Museum Tour-Guide Robot",
journal= {Science Direct},
year= {2004},
}

@article{logpolar,
author= "Javier Traver, Filiberto Pla",
title= "Similarity motion estimation and active tracking throught spatial-domain projections on log-polar images",
journal= {Science Direct},
year= {2005},
}

@article{over,
author= "Sethu Vijjayakumar, Jörg Conradt",
title= "Overt Visual Attention fo a Humanoid Robot",
journal= {International Conference on Intelligence in Robotics and Autonomous System},
year= {2001},
}

@article{itti,
author= "Laurent Itti and Chistof Koch",
title= "A Saliency-Based search Mechanism for Overt and Covert Shifts of Visual Attention",
journal= {Vision Research},
year= {2004},
}

@article{itti2,
author= "Laurent Itti and Chistof Koch",
title= "A Model of Saliency-based Visual Attention for Rapid Scene Analysis",
journal= {IEEE Transactions on Pattern Analysis and Machine Intelligence},
year= {2005},
}

@article{itti3,
author= "Laurent Itti and Chistof Koch",
title= "Computation modelling of visual attention",
journal=  {Nature Reviews Neuroscience},
year= {2005},
}

@article{tesis_pablo,
author= "Barrera González, Pablo",
title= "Aplicación de los métodos secuenciales de Monte Carlo al seguimiento visual 3D de múltiples objetos.",
journal= {Tesis Doctoral - Universidad Rey Juan Carlos},
year= {2008},
}

@article{tesis_pilar,
author= "Bachiller Burgos, Pilar",
title= "Percepción dinámica del entorno en un robot móvil.",
journal= {Tesis Doctoral - UNEX},
year= {2008},
}

@article{tesis_enrique,
author= "Turégano Pedruelo, Enrique",
title= "EyeBoard: Un periférico alternativo visual.",
journal= {Tesis de maestría - UNEX},
year= {2008},
}

@article{pfc_rocapal,
author= "Calvo Palomino, Roberto",
title= "Seguimiento de persona mediante visión direccional.",
journal= {Proyecto fin de carrera. ITIS - Universidad Rey Juan Carlos},
year= {2004},
}

@article{pfc_ivan,
author= "García Martínez, Iván",
title= "Reconstrucción 3D visual con algoritmos evolutivos.",
journal= {Proyecto fin de carrera. ITIS - Universidad Rey Juan Carlos},
year= {2007},
}

@article{pfc_jme,
author= "Pacios, Esteban and Cañas Plaza, Jose María",
title= "Reconstrucción 3D visual con triangulación",
journal= {Proyecto fin de carrera. ITIS - Universidad Rey Juan Carlos},
year= {2007},
}

@article{pfc_olmo,
author= "León Cadahía, Olmo",
title= "Navegación de un Robot con un sistema de atención visual 3D",
journal= {Proyecto fin de carrera. ITIS - Universidad Rey Juan Carlos},
year= {2006},
}

@article{pfc_marta,
author= "Martínez De la Casa Puebla, Marta",
title= "Sistema de atención visual en escena",
journal= {Proyecto fin de carrera. ITIS - Universidad Rey Juan Carlos},
year= {2005},
}

@article{pfc_manuel,
author= "Mendoza Baños, Manuel",
title= "Reconstrucción 3D visual mediante triangulación con cámaras",
journal= {Proyecto fin de carrera. ITIS - Universidad Rey Juan Carlos},
year= {2008},
}
@article{pfc_redo,
author= "Kachach, Redouane",
title= "Calibración Automática de Cámaras en la plataforma jdec",
journal= {Proyecto fin de carrera. ITIS - Universidad Rey Juan Carlos},
year= {2008},
}

@article{pfc_victor,
author= "Gómez, Victor",
title= "Comportamiento sigue pared en un robot con visión local",
journal= {Proyecto fin de carrera. ITIS - Universidad Rey Juan Carlos},
year= {2002},
}

@article{pfc_ricardo,
author= "Ortiz, Ricardo",
title= "Comportamiento sigue persona con visión",
journal= {Proyecto fin de carrera. ITIS - Universidad Rey Juan Carlos},
year= {2004},
}
