\begin{thebibliography}{99}
\bibitem{jderobot} Proyecto JdeRobot \url{http://jderobot.org/} Consultado en Junio de 2014.
\bibitem{webgl} Página oficial WebGL \url{http://get.webgl.org/} Consultado en Junio de 2014. 
\bibitem{surveillance4.0} Mediawiki Daniel Castellano (Surveillance 4.0) \url{http://jderobot.org/D.castellanob-pfc} Consultado en Junio de 2014.
\bibitem{surveillance4.0bis}Home automation system with web interface in the JdeRobot framework\url{http://gsyc.es/jmplaza/papers/waf2014-surveillance4.pd} Consultado en Junio de 2014.
f
\bibitem{aerobeat} Mediawiki Edgar Barrero (Surveillance 5.1) \url{http://jderobot.org/Aerobeat-colab} Consultado en Junio de 2014.
\bibitem{svn} Repositorio Edgar Barrero (Surveillance 5.1) \url{https://svn.jderobot.org/users/aerobeat/colab/} Consultado en Junio de 2014.
\bibitem{ice_manual}Ice 3.5.1 Documentation
\bibitem{ice} ICE spanish PDF. David Vallejo Fernández 
\end{thebibliography} 
